%YAML 1.1
%TAG !u! tag:unity3d.com,2011:
--- !u!243 &-8006532322304751620
AudioMixerGroupController:
  m_ObjectHideFlags: 0
  m_CorrespondingSourceObject: {fileID: 0}
  m_PrefabInstance: {fileID: 0}
  m_PrefabAsset: {fileID: 0}
  m_Name: UI
  m_AudioMixer: {fileID: 24100000}
  m_GroupID: bce38a7b37b57184c8c14f23f91b0b69
  m_Children: []
  m_Volume: c8efb395833045348828e1b2a2df4f0f
  m_Pitch: e26c837908975bb45b55c68ec04d2569
  m_Send: 00000000000000000000000000000000
  m_Effects:
  - {fileID: -6136251800251774628}
  m_UserColorIndex: 0
  m_Mute: 0
  m_Solo: 0
  m_BypassEffects: 0
--- !u!244 &-6136251800251774628
AudioMixerEffectController:
  m_ObjectHideFlags: 3
  m_CorrespondingSourceObject: {fileID: 0}
  m_PrefabInstance: {fileID: 0}
  m_PrefabAsset: {fileID: 0}
  m_Name: 
  m_EffectID: 37697c49e0bceea46ba153e218c219bd
  m_EffectName: Attenuation
  m_MixLevel: 3646c4e822c35f64f8d877a4c8937c5b
  m_Parameters: []
  m_SendTarget: {fileID: 0}
  m_EnableWetMix: 0
  m_Bypass: 0
--- !u!244 &-4171390742760917244
AudioMixerEffectController:
  m_ObjectHideFlags: 3
  m_CorrespondingSourceObject: {fileID: 0}
  m_PrefabInstance: {fileID: 0}
  m_PrefabAsset: {fileID: 0}
  m_Name: 
  m_EffectID: 8954b7ed727639a4ab1ee8186b2dd21d
  m_EffectName: Attenuation
  m_MixLevel: 0da5082a8a5bfda41a38861173a3006d
  m_Parameters: []
  m_SendTarget: {fileID: 0}
  m_EnableWetMix: 0
  m_Bypass: 0
--- !u!243 &-2889088556465658050
AudioMixerGroupController:
  m_ObjectHideFlags: 0
  m_CorrespondingSourceObject: {fileID: 0}
  m_PrefabInstance: {fileID: 0}
  m_PrefabAsset: {fileID: 0}
  m_Name: Sound Effects
  m_AudioMixer: {fileID: 24100000}
  m_GroupID: 8087fd0c4a4e9da4bb6694bd93db5627
  m_Children: []
  m_Volume: e6c19abf5b0ce44429f1903a28b05e70
  m_Pitch: a5b081104c5598142bbe554f71f312ce
  m_Send: 00000000000000000000000000000000
  m_Effects:
  - {fileID: 1666865095754473503}
  m_UserColorIndex: 3
  m_Mute: 0
  m_Solo: 0
  m_BypassEffects: 0
--- !u!241 &24100000
AudioMixerController:
  m_ObjectHideFlags: 0
  m_CorrespondingSourceObject: {fileID: 0}
  m_PrefabInstance: {fileID: 0}
  m_PrefabAsset: {fileID: 0}
  m_Name: Main
  m_OutputGroup: {fileID: 0}
  m_MasterGroup: {fileID: 24300002}
  m_Snapshots:
  - {fileID: 24500006}
  m_StartSnapshot: {fileID: 24500006}
  m_SuspendThreshold: -80
  m_EnableSuspend: 1
  m_UpdateMode: 0
  m_ExposedParameters:
  - guid: ea266256a1bf2cb47a29cd8ec5e7cbad
    name: Master
  - guid: bc86eed2a69799f489966e67a9da8ff8
    name: Music
  - guid: e6c19abf5b0ce44429f1903a28b05e70
    name: Sound Effects
  - guid: c8efb395833045348828e1b2a2df4f0f
    name: UI
  m_AudioMixerGroupViews:
  - guids:
    - a4c4d9916c62fe340bfd39ae65b928da
    - 8087fd0c4a4e9da4bb6694bd93db5627
    - 6b862f300ca6fe04682128f61126afb3
    - bce38a7b37b57184c8c14f23f91b0b69
    name: View
  m_CurrentViewIndex: 0
  m_TargetSnapshot: {fileID: 24500006}
--- !u!243 &24300002
AudioMixerGroupController:
  m_ObjectHideFlags: 0
  m_CorrespondingSourceObject: {fileID: 0}
  m_PrefabInstance: {fileID: 0}
  m_PrefabAsset: {fileID: 0}
  m_Name: Master
  m_AudioMixer: {fileID: 24100000}
  m_GroupID: a4c4d9916c62fe340bfd39ae65b928da
  m_Children:
  - {fileID: -2889088556465658050}
  - {fileID: 272967235503809088}
  - {fileID: -8006532322304751620}
  m_Volume: ea266256a1bf2cb47a29cd8ec5e7cbad
  m_Pitch: be18f98e408eff24297f4cc276c29b9f
  m_Send: 00000000000000000000000000000000
  m_Effects:
  - {fileID: 24400004}
  m_UserColorIndex: 0
  m_Mute: 0
  m_Solo: 0
  m_BypassEffects: 0
--- !u!244 &24400004
AudioMixerEffectController:
  m_ObjectHideFlags: 3
  m_CorrespondingSourceObject: {fileID: 0}
  m_PrefabInstance: {fileID: 0}
  m_PrefabAsset: {fileID: 0}
  m_Name: 
  m_EffectID: 5b9de154a507384458eec4a732259d40
  m_EffectName: Attenuation
  m_MixLevel: 9be0bf3fa795a304eb75ba6b631fd951
  m_Parameters: []
  m_SendTarget: {fileID: 0}
  m_EnableWetMix: 0
  m_Bypass: 0
--- !u!245 &24500006
AudioMixerSnapshotController:
  m_ObjectHideFlags: 0
  m_CorrespondingSourceObject: {fileID: 0}
  m_PrefabInstance: {fileID: 0}
  m_PrefabAsset: {fileID: 0}
  m_Name: Snapshot
  m_AudioMixer: {fileID: 24100000}
  m_SnapshotID: 201a02b064dad054eae0cef5a70fea26
  m_FloatValues:
    c8efb395833045348828e1b2a2df4f0f: 0
    ea266256a1bf2cb47a29cd8ec5e7cbad: 0
    e26c837908975bb45b55c68ec04d2569: 1
  m_TransitionOverrides: {}
--- !u!243 &272967235503809088
AudioMixerGroupController:
  m_ObjectHideFlags: 0
  m_CorrespondingSourceObject: {fileID: 0}
  m_PrefabInstance: {fileID: 0}
  m_PrefabAsset: {fileID: 0}
  m_Name: Music
  m_AudioMixer: {fileID: 24100000}
  m_GroupID: 6b862f300ca6fe04682128f61126afb3
  m_Children: []
  m_Volume: bc86eed2a69799f489966e67a9da8ff8
  m_Pitch: ff49e2d69a467a445b957d2beb4ff73d
  m_Send: 00000000000000000000000000000000
  m_Effects:
  - {fileID: -4171390742760917244}
  m_UserColorIndex: 6
  m_Mute: 0
  m_Solo: 0
  m_BypassEffects: 0
--- !u!244 &1666865095754473503
AudioMixerEffectController:
  m_ObjectHideFlags: 3
  m_CorrespondingSourceObject: {fileID: 0}
  m_PrefabInstance: {fileID: 0}
  m_PrefabAsset: {fileID: 0}
  m_Name: 
  m_EffectID: 77360c9ea2541a54682a7a188a4912a0
  m_EffectName: Attenuation
  m_MixLevel: 603f5bd630201fa47825849c26c2a18b
  m_Parameters: []
  m_SendTarget: {fileID: 0}
  m_EnableWetMix: 0
  m_Bypass: 0
