%YAML 1.1
%TAG !u! tag:unity3d.com,2011:
--- !u!1 &1207309846143640294
GameObject:
  m_ObjectHideFlags: 0
  m_CorrespondingSourceObject: {fileID: 0}
  m_PrefabInstance: {fileID: 0}
  m_PrefabAsset: {fileID: 0}
  serializedVersion: 6
  m_Component:
  - component: {fileID: 1207309846143865452}
  - component: {fileID: 1207309846140529076}
  - component: {fileID: 1207309846141966672}
  m_Layer: 0
  m_Name: modle
  m_TagString: Untagged
  m_Icon: {fileID: 0}
  m_NavMeshLayer: 0
  m_StaticEditorFlags: 0
  m_IsActive: 1
--- !u!4 &1207309846143865452
Transform:
  m_ObjectHideFlags: 0
  m_CorrespondingSourceObject: {fileID: 0}
  m_PrefabInstance: {fileID: 0}
  m_PrefabAsset: {fileID: 0}
  m_GameObject: {fileID: 1207309846143640294}
  m_LocalRotation: {x: 0, y: 0.7071068, z: 0, w: 0.7071068}
  m_LocalPosition: {x: 0.081, y: 0, z: -0}
  m_LocalScale: {x: 1, y: 1, z: 1}
  m_Children: []
  m_Father: {fileID: 1207309846143954864}
  m_RootOrder: 0
  m_LocalEulerAnglesHint: {x: 0, y: 90, z: 0}
--- !u!33 &1207309846140529076
MeshFilter:
  m_ObjectHideFlags: 0
  m_CorrespondingSourceObject: {fileID: 0}
  m_PrefabInstance: {fileID: 0}
  m_PrefabAsset: {fileID: 0}
  m_GameObject: {fileID: 1207309846143640294}
  m_Mesh: {fileID: 4300000, guid: 8eff7ab9d6f195544942b91f34313d1d, type: 3}
--- !u!23 &1207309846141966672
MeshRenderer:
  m_ObjectHideFlags: 0
  m_CorrespondingSourceObject: {fileID: 0}
  m_PrefabInstance: {fileID: 0}
  m_PrefabAsset: {fileID: 0}
  m_GameObject: {fileID: 1207309846143640294}
  m_Enabled: 1
  m_CastShadows: 1
  m_ReceiveShadows: 1
  m_DynamicOccludee: 1
  m_MotionVectors: 1
  m_LightProbeUsage: 1
  m_ReflectionProbeUsage: 1
  m_RenderingLayerMask: 1
  m_RendererPriority: 0
  m_Materials:
  - {fileID: 2100000, guid: b32da67be951d1b4caf7c91b9bad56d5, type: 2}
  m_StaticBatchInfo:
    firstSubMesh: 0
    subMeshCount: 0
  m_StaticBatchRoot: {fileID: 0}
  m_ProbeAnchor: {fileID: 0}
  m_LightProbeVolumeOverride: {fileID: 0}
  m_ScaleInLightmap: 1
  m_ReceiveGI: 1
  m_PreserveUVs: 0
  m_IgnoreNormalsForChartDetection: 0
  m_ImportantGI: 0
  m_StitchLightmapSeams: 1
  m_SelectedEditorRenderState: 3
  m_MinimumChartSize: 4
  m_AutoUVMaxDistance: 0.5
  m_AutoUVMaxAngle: 89
  m_LightmapParameters: {fileID: 0}
  m_SortingLayerID: 0
  m_SortingLayer: 0
  m_SortingOrder: 0
--- !u!1 &1207309846143726232
GameObject:
  m_ObjectHideFlags: 0
  m_CorrespondingSourceObject: {fileID: 0}
  m_PrefabInstance: {fileID: 0}
  m_PrefabAsset: {fileID: 0}
  serializedVersion: 6
  m_Component:
  - component: {fileID: 1207309846143954864}
  - component: {fileID: 1510357574060055124}
  m_Layer: 0
  m_Name: ShotGun
  m_TagString: Untagged
  m_Icon: {fileID: 0}
  m_NavMeshLayer: 0
  m_StaticEditorFlags: 0
  m_IsActive: 1
--- !u!4 &1207309846143954864
Transform:
  m_ObjectHideFlags: 0
  m_CorrespondingSourceObject: {fileID: 0}
  m_PrefabInstance: {fileID: 0}
  m_PrefabAsset: {fileID: 0}
  m_GameObject: {fileID: 1207309846143726232}
  m_LocalRotation: {x: 0, y: 0, z: 0, w: 1}
  m_LocalPosition: {x: 0, y: 0, z: 0}
  m_LocalScale: {x: 1, y: 1, z: 1}
  m_Children:
  - {fileID: 1207309846143865452}
  - {fileID: 8656932104452381980}
  - {fileID: 4552760103723010539}
  - {fileID: 8919735677237058150}
  - {fileID: 2922057015351169813}
  m_Father: {fileID: 0}
  m_RootOrder: 0
  m_LocalEulerAnglesHint: {x: 0, y: 0, z: 0}
--- !u!114 &1510357574060055124
MonoBehaviour:
  m_ObjectHideFlags: 0
  m_CorrespondingSourceObject: {fileID: 0}
  m_PrefabInstance: {fileID: 0}
  m_PrefabAsset: {fileID: 0}
  m_GameObject: {fileID: 1207309846143726232}
  m_Enabled: 1
  m_EditorHideFlags: 0
  m_Script: {fileID: 11500000, guid: 31a3742f2f5bfbc4387ccc61875b516e, type: 3}
  m_Name: 
  m_EditorClassIdentifier: 
  damage: 20
  ROF: 1.2
  RightHandPoint: {fileID: 8656932104452381980}
  LeftHandPoint: {fileID: 4552760103723010539}
  ammoCapacity: 6
  range: 10
  reloadTime: 6
  firePoint: {fileID: 8919735677237058150}
  lineRenderer: {fileID: 52470073287910924, guid: 3117ce4448771b04aad0c57df00adad6,
    type: 3}
  lineDespawnTime: 1
  projectile: {fileID: 0}
  projectileVelocity: 0
  fireParticle: {fileID: 7061370097063336709}
  gunShotSound: GunShotShotgun
  ammoSprite: {fileID: 21300000, guid: af87d401c5ab30d41858aabb89aaa9b7, type: 3}
  gunSprite: {fileID: 21300000, guid: 3a6ecf4eda0f80042a1a95b6ab1684bc, type: 3}
  numOfPellets: 5
  angle: 25
--- !u!1 &3708219571742741551
GameObject:
  m_ObjectHideFlags: 0
  m_CorrespondingSourceObject: {fileID: 0}
  m_PrefabInstance: {fileID: 0}
  m_PrefabAsset: {fileID: 0}
  serializedVersion: 6
  m_Component:
  - component: {fileID: 4552760103723010539}
  m_Layer: 0
  m_Name: 'LHPoint '
  m_TagString: Untagged
  m_Icon: {fileID: 4422084297763085224, guid: 0000000000000000d000000000000000, type: 0}
  m_NavMeshLayer: 0
  m_StaticEditorFlags: 0
  m_IsActive: 1
--- !u!4 &4552760103723010539
Transform:
  m_ObjectHideFlags: 0
  m_CorrespondingSourceObject: {fileID: 0}
  m_PrefabInstance: {fileID: 0}
  m_PrefabAsset: {fileID: 0}
  m_GameObject: {fileID: 3708219571742741551}
  m_LocalRotation: {x: 0.45208684, y: -0.14752673, z: 0.8785578, w: -0.044604316}
  m_LocalPosition: {x: -0.08799998, y: 0.07200003, z: 0.16600011}
  m_LocalScale: {x: 1, y: 1, z: 1}
  m_Children: []
  m_Father: {fileID: 1207309846143954864}
  m_RootOrder: 2
  m_LocalEulerAnglesHint: {x: 12.644001, y: 55.853004, z: 192.53499}
--- !u!1 &3736134203397412154
GameObject:
  m_ObjectHideFlags: 0
  m_CorrespondingSourceObject: {fileID: 0}
  m_PrefabInstance: {fileID: 0}
  m_PrefabAsset: {fileID: 0}
  serializedVersion: 6
  m_Component:
  - component: {fileID: 8919735677237058150}
  m_Layer: 0
  m_Name: FirePoint
  m_TagString: Untagged
  m_Icon: {fileID: 0}
  m_NavMeshLayer: 0
  m_StaticEditorFlags: 0
  m_IsActive: 1
--- !u!4 &8919735677237058150
Transform:
  m_ObjectHideFlags: 0
  m_CorrespondingSourceObject: {fileID: 0}
  m_PrefabInstance: {fileID: 0}
  m_PrefabAsset: {fileID: 0}
  m_GameObject: {fileID: 3736134203397412154}
  m_LocalRotation: {x: 0, y: 0, z: 0, w: 1}
  m_LocalPosition: {x: 0, y: 0.1072, z: 0.485}
  m_LocalScale: {x: 1, y: 1, z: 1}
  m_Children: []
  m_Father: {fileID: 1207309846143954864}
  m_RootOrder: 3
  m_LocalEulerAnglesHint: {x: 0, y: 0, z: 0}
--- !u!1 &4940457613778210473
GameObject:
  m_ObjectHideFlags: 0
  m_CorrespondingSourceObject: {fileID: 0}
  m_PrefabInstance: {fileID: 0}
  m_PrefabAsset: {fileID: 0}
  serializedVersion: 6
  m_Component:
  - component: {fileID: 2922057015351169813}
  m_Layer: 0
  m_Name: Particle
  m_TagString: Untagged
  m_Icon: {fileID: 0}
  m_NavMeshLayer: 0
  m_StaticEditorFlags: 0
  m_IsActive: 1
--- !u!4 &2922057015351169813
Transform:
  m_ObjectHideFlags: 0
  m_CorrespondingSourceObject: {fileID: 0}
  m_PrefabInstance: {fileID: 0}
  m_PrefabAsset: {fileID: 0}
  m_GameObject: {fileID: 4940457613778210473}
  m_LocalRotation: {x: -0, y: -0, z: -0, w: 1}
  m_LocalPosition: {x: 0.00017074496, y: 0.0040654987, z: 0.000023245811}
  m_LocalScale: {x: 1, y: 1, z: 1}
  m_Children:
  - {fileID: 7061370097049181767}
  m_Father: {fileID: 1207309846143954864}
  m_RootOrder: 4
  m_LocalEulerAnglesHint: {x: 0, y: 0, z: 0}
--- !u!1 &6965544901026925237
GameObject:
  m_ObjectHideFlags: 0
  m_CorrespondingSourceObject: {fileID: 0}
  m_PrefabInstance: {fileID: 0}
  m_PrefabAsset: {fileID: 0}
  serializedVersion: 6
  m_Component:
  - component: {fileID: 8656932104452381980}
  m_Layer: 0
  m_Name: RHPoint
  m_TagString: Untagged
  m_Icon: {fileID: 4422084297763085224, guid: 0000000000000000d000000000000000, type: 0}
  m_NavMeshLayer: 0
  m_StaticEditorFlags: 0
  m_IsActive: 1
--- !u!4 &8656932104452381980
Transform:
  m_ObjectHideFlags: 0
  m_CorrespondingSourceObject: {fileID: 0}
  m_PrefabInstance: {fileID: 0}
  m_PrefabAsset: {fileID: 0}
  m_GameObject: {fileID: 6965544901026925237}
  m_LocalRotation: {x: 0.17592496, y: 0.1731381, z: -0.87471575, w: 0.41706827}
  m_LocalPosition: {x: 0.031, y: 0.0804, z: -0.3321}
  m_LocalScale: {x: 1, y: 1, z: 1}
  m_Children: []
  m_Father: {fileID: 1207309846143954864}
  m_RootOrder: 1
  m_LocalEulerAnglesHint: {x: 26.721, y: -10.537001, z: -131.52501}
--- !u!1001 &7061370097048782017
PrefabInstance:
  m_ObjectHideFlags: 0
  serializedVersion: 2
  m_Modification:
    m_TransformParent: {fileID: 2922057015351169813}
    m_Modifications:
    - target: {fileID: 100006, guid: b0a227fc2e558f241b1c747820ccc361, type: 3}
      propertyPath: m_Name
      value: WFX_MF 4P RIFLE2
      objectReference: {fileID: 0}
    - target: {fileID: 400006, guid: b0a227fc2e558f241b1c747820ccc361, type: 3}
      propertyPath: m_LocalPosition.x
      value: 0
      objectReference: {fileID: 0}
    - target: {fileID: 400006, guid: b0a227fc2e558f241b1c747820ccc361, type: 3}
      propertyPath: m_LocalPosition.y
      value: 0.095
      objectReference: {fileID: 0}
    - target: {fileID: 400006, guid: b0a227fc2e558f241b1c747820ccc361, type: 3}
      propertyPath: m_LocalPosition.z
      value: 0.847
      objectReference: {fileID: 0}
    - target: {fileID: 400006, guid: b0a227fc2e558f241b1c747820ccc361, type: 3}
      propertyPath: m_LocalRotation.x
      value: -0
      objectReference: {fileID: 0}
    - target: {fileID: 400006, guid: b0a227fc2e558f241b1c747820ccc361, type: 3}
      propertyPath: m_LocalRotation.y
      value: 0.7071067
      objectReference: {fileID: 0}
    - target: {fileID: 400006, guid: b0a227fc2e558f241b1c747820ccc361, type: 3}
      propertyPath: m_LocalRotation.z
      value: -0
      objectReference: {fileID: 0}
    - target: {fileID: 400006, guid: b0a227fc2e558f241b1c747820ccc361, type: 3}
      propertyPath: m_LocalRotation.w
      value: -0.7071069
      objectReference: {fileID: 0}
    - target: {fileID: 400006, guid: b0a227fc2e558f241b1c747820ccc361, type: 3}
      propertyPath: m_RootOrder
      value: 0
      objectReference: {fileID: 0}
    - target: {fileID: 400006, guid: b0a227fc2e558f241b1c747820ccc361, type: 3}
      propertyPath: m_LocalEulerAnglesHint.x
      value: 0
      objectReference: {fileID: 0}
    - target: {fileID: 400006, guid: b0a227fc2e558f241b1c747820ccc361, type: 3}
      propertyPath: m_LocalEulerAnglesHint.y
      value: 0
      objectReference: {fileID: 0}
    - target: {fileID: 400006, guid: b0a227fc2e558f241b1c747820ccc361, type: 3}
      propertyPath: m_LocalEulerAnglesHint.z
      value: 0
      objectReference: {fileID: 0}
    - target: {fileID: 19800004, guid: b0a227fc2e558f241b1c747820ccc361, type: 3}
      propertyPath: looping
      value: 0
      objectReference: {fileID: 0}
    - target: {fileID: 19800004, guid: b0a227fc2e558f241b1c747820ccc361, type: 3}
      propertyPath: lengthInSec
      value: 0.2
      objectReference: {fileID: 0}
    - target: {fileID: 19800004, guid: b0a227fc2e558f241b1c747820ccc361, type: 3}
      propertyPath: EmissionModule.rateOverTime.scalar
      value: 10
      objectReference: {fileID: 0}
    - target: {fileID: 19800004, guid: b0a227fc2e558f241b1c747820ccc361, type: 3}
      propertyPath: playOnAwake
      value: 0
      objectReference: {fileID: 0}
    - target: {fileID: 11400000, guid: b0a227fc2e558f241b1c747820ccc361, type: 3}
      propertyPath: m_Enabled
      value: 0
      objectReference: {fileID: 0}
    - target: {fileID: 19800000, guid: b0a227fc2e558f241b1c747820ccc361, type: 3}
      propertyPath: InitialModule.startSizeY.minMaxState
      value: 3
      objectReference: {fileID: 0}
    - target: {fileID: 19800000, guid: b0a227fc2e558f241b1c747820ccc361, type: 3}
      propertyPath: InitialModule.startSizeZ.minMaxState
      value: 3
      objectReference: {fileID: 0}
    - target: {fileID: 19800000, guid: b0a227fc2e558f241b1c747820ccc361, type: 3}
      propertyPath: looping
      value: 0
      objectReference: {fileID: 0}
    - target: {fileID: 19800000, guid: b0a227fc2e558f241b1c747820ccc361, type: 3}
      propertyPath: lengthInSec
      value: 0.2
      objectReference: {fileID: 0}
    - target: {fileID: 19800000, guid: b0a227fc2e558f241b1c747820ccc361, type: 3}
      propertyPath: playOnAwake
      value: 0
      objectReference: {fileID: 0}
    - target: {fileID: 19800002, guid: b0a227fc2e558f241b1c747820ccc361, type: 3}
      propertyPath: InitialModule.startSizeY.minMaxState
      value: 3
      objectReference: {fileID: 0}
    - target: {fileID: 19800002, guid: b0a227fc2e558f241b1c747820ccc361, type: 3}
      propertyPath: InitialModule.startSizeZ.minMaxState
      value: 3
      objectReference: {fileID: 0}
    - target: {fileID: 19800002, guid: b0a227fc2e558f241b1c747820ccc361, type: 3}
      propertyPath: looping
      value: 0
      objectReference: {fileID: 0}
    - target: {fileID: 19800002, guid: b0a227fc2e558f241b1c747820ccc361, type: 3}
      propertyPath: lengthInSec
      value: 0.2
      objectReference: {fileID: 0}
    - target: {fileID: 19800002, guid: b0a227fc2e558f241b1c747820ccc361, type: 3}
      propertyPath: playOnAwake
      value: 0
      objectReference: {fileID: 0}
    - target: {fileID: 19800006, guid: b0a227fc2e558f241b1c747820ccc361, type: 3}
      propertyPath: InitialModule.startSizeY.minMaxState
      value: 3
      objectReference: {fileID: 0}
    - target: {fileID: 19800006, guid: b0a227fc2e558f241b1c747820ccc361, type: 3}
      propertyPath: InitialModule.startSizeZ.minMaxState
      value: 3
      objectReference: {fileID: 0}
    - target: {fileID: 19800006, guid: b0a227fc2e558f241b1c747820ccc361, type: 3}
      propertyPath: looping
      value: 0
      objectReference: {fileID: 0}
    - target: {fileID: 19800006, guid: b0a227fc2e558f241b1c747820ccc361, type: 3}
      propertyPath: lengthInSec
      value: 0.2
      objectReference: {fileID: 0}
    - target: {fileID: 19800006, guid: b0a227fc2e558f241b1c747820ccc361, type: 3}
      propertyPath: playOnAwake
      value: 0
      objectReference: {fileID: 0}
    - target: {fileID: 19800008, guid: b0a227fc2e558f241b1c747820ccc361, type: 3}
      propertyPath: InitialModule.startSizeY.minMaxState
      value: 3
      objectReference: {fileID: 0}
    - target: {fileID: 19800008, guid: b0a227fc2e558f241b1c747820ccc361, type: 3}
      propertyPath: InitialModule.startSizeZ.minMaxState
      value: 3
      objectReference: {fileID: 0}
    - target: {fileID: 19800008, guid: b0a227fc2e558f241b1c747820ccc361, type: 3}
      propertyPath: looping
      value: 0
      objectReference: {fileID: 0}
    - target: {fileID: 19800008, guid: b0a227fc2e558f241b1c747820ccc361, type: 3}
      propertyPath: lengthInSec
      value: 0.2
      objectReference: {fileID: 0}
    - target: {fileID: 19800008, guid: b0a227fc2e558f241b1c747820ccc361, type: 3}
      propertyPath: playOnAwake
      value: 0
      objectReference: {fileID: 0}
    - target: {fileID: 19800010, guid: b0a227fc2e558f241b1c747820ccc361, type: 3}
      propertyPath: looping
      value: 0
      objectReference: {fileID: 0}
    - target: {fileID: 19800010, guid: b0a227fc2e558f241b1c747820ccc361, type: 3}
      propertyPath: lengthInSec
      value: 0.2
      objectReference: {fileID: 0}
    - target: {fileID: 19800010, guid: b0a227fc2e558f241b1c747820ccc361, type: 3}
      propertyPath: playOnAwake
      value: 0
      objectReference: {fileID: 0}
    m_RemovedComponents: []
  m_SourcePrefab: {fileID: 100100000, guid: b0a227fc2e558f241b1c747820ccc361, type: 3}
--- !u!4 &7061370097049181767 stripped
Transform:
  m_CorrespondingSourceObject: {fileID: 400006, guid: b0a227fc2e558f241b1c747820ccc361,
    type: 3}
  m_PrefabInstance: {fileID: 7061370097048782017}
  m_PrefabAsset: {fileID: 0}
--- !u!198 &7061370097063336709 stripped
ParticleSystem:
  m_CorrespondingSourceObject: {fileID: 19800004, guid: b0a227fc2e558f241b1c747820ccc361,
    type: 3}
  m_PrefabInstance: {fileID: 7061370097048782017}
  m_PrefabAsset: {fileID: 0}
